<?xml version="1.0" encoding="UTF-8"?><collection xmlns="http://www.loc.gov/MARC21/slim"><record><leader>00503nam--2200133-i-4500</leader><controlfield tag="001">000022641</controlfield><controlfield tag="002">20161230</controlfield><controlfield tag="005">20161230201034</controlfield><controlfield tag="008">060222s1000------------r-----000-0-eng-d</controlfield><datafield ind1=" " ind2=" " tag="100"><subfield code="a">Grilli, Mario</subfield></datafield><datafield ind1=" " ind2=" " tag="245"><subfield code="a">V international conference on high energy accellerators, sponsored by the international union of pure and appliied physics (iupap), comitato nazionale per l`energia nucleare (cnen) frascati, september 9-16, 1965</subfield></datafield><datafield ind1=" " ind2=" " tag="260"><subfield code="a">Roma, Cnen, 1966. Xv = 752p</subfield></datafield><datafield ind1=" " ind2=" " tag="700"><subfield code="a">Grilli, Mario</subfield></datafield><datafield ind1=" " ind2=" " tag="852"><subfield code="a">25681</subfield></datafield></record></collection>